
@article{cook_canonicity_2013,
	title = {Canonicity and {Normativity} in {Massive}, {Serialized}, {Collaborative} {Fiction}},
	volume = {71},
	issn = {0021-8529},
	url = {https://doi.org/10.1111/jaac.12021},
	doi = {10.1111/jaac.12021},
	number = {3},
	urldate = {2022-09-30},
	journal = {The Journal of Aesthetics and Art Criticism},
	author = {Cook, Roy T.},
	month = aug,
	year = {2013},
	keywords = {notion},
	pages = {271--276},
	file = {Cook_2013_Canonicity and Normativity in Massive, Serialized, Collaborative Fiction.pdf:/Users/rolly/Zotero/storage/DL5CQDTJ/Cook_2013_Canonicity and Normativity in Massive, Serialized, Collaborative Fiction.pdf:application/pdf;Snapshot:/Users/rolly/Zotero/storage/75VZZT8Y/5980378.html:text/html},
}

@article{mayer_autorite_2017,
	title = {L'autorité dans {Anarchy}. {Les} constructions de l'autorité et de l'auctorialité dans un dispositif de production littéraire collaborative : le cas de l'expérience transmédia {Anarchy}.fr},
	shorttitle = {L'autorité dans {Anarchy}. {Les} constructions de l'autorité et de l'auctorialité dans un dispositif de production littéraire collaborative},
	url = {https://hal.archives-ouvertes.fr/hal-02172717},
	doi = {10.4000/quaderni.1078},
	number = {93},
	urldate = {2022-12-13},
	journal = {Quaderni},
	author = {Mayer, Ariane and Sauret, Nicolas},
	month = may,
	year = {2017},
	note = {Publisher: Éditions de la Maison des Sciences de l'Homme},
	pages = {63--73},
	file = {HAL PDF Full Text:/Users/rolly/Zotero/storage/9UUKP4XM/Mayer et Sauret - 2017 - L'autorité dans Anarchy. Les constructions de l'au.pdf:application/pdf},
}

@book{jenkins_convergence_2006,
	address = {New York},
	title = {Convergence culture: where old and new media collide},
	isbn = {978-0-8147-4281-5},
	shorttitle = {Convergence culture},
	language = {en},
	publisher = {New York University Press},
	author = {Jenkins, Henry},
	year = {2006},
	note = {OCLC: ocm64594290},
	keywords = {Mass media and culture, Popular culture, United States},
	file = {Jenkins - 2006 - Convergence culture where old and new media colli.pdf:/Users/rolly/Zotero/storage/68RB2QKW/Jenkins - 2006 - Convergence culture where old and new media colli.pdf:application/pdf},
}

@article{garcia_roca_fundacion_2021,
	title = {La {Fundación} {SCP} en el desarrollo de la alfabetización académica, fomento de la lectura y la escritura creativa},
	volume = {51},
	issn = {1577-4147},
	url = {https://dialnet.unirioja.es/servlet/articulo?codigo=8160835},
	abstract = {This article analyses the international creative writing project SCP Foundation as a constructive hyperfiction based on the creation of fictional scientific articles. The objective of this study is to specify the formative aspects of this literary practice and explore the implications for planning innovative educational activities in the classroom. To do this, a selection has been made based on the relevance principle - the 25 SCPs with the highest impact and the best scores - and a qualitative analysis has been performed employing thick description and textual analysis. The findings show that the SCP Foundation is an affinity space in which important literacy-based learning is developed. In addition, it is noteworthy that a highly heterogeneous formal-academic linguistic register is used in the selection of the topics, the resources employed, the complex hypertext structures and the multimodal elements. Furthermore, in this literary practice, information disorders such as fake news, data manipulation, research ethics and aspects related to literary reading, like urban legends and creative writing, generally converge. Therefore, these are unique texts that promote Media and Information Literacy in informal contexts as well as being works that have the educational potential to encourage reading.
En este artículo se ha analizado el proyecto internacional de escritura creativa Fundación SCP en tanto que hiperficción constructiva basada en la creación de artículos científicos de carácter ficcional. El objetivo del presente estudio se ha centrado en concretar los aspectos formativos de esta práctica letrada y explorar las implicaciones para el planteamiento de actividades de innovación educativa en las aulas. Para ello, se ha realizado una selección basada en el principio de relevancia: los 25 SCPs con mayor impacto y mejor puntuados y se ha realizado un análisis cualitativo a través de una descripción densa y análisis textual. Los resultados hallados muestran que se trata de un espacio de afinidad en el que se desarrollan importantes aprendizajes vinculados a la alfabetización. Además, es destacable el uso de un registro lingüístico formal-académico con una gran heterogeneidad en la selección de temáticas, recursos empleados, complejas estructuras hipertextuales y elementos multimodales. En esta práctica letrada, además, convergen trastornos de la información como fake-news, manipulación de datos, ética de la investigación y aspectos relacionados con la lectura literaria como leyendas urbanas y escritura creativa en general. Se trata, por lo tanto, de textos únicos que promueven la Alfabetización Mediática e Informacional en contextos informales y son obras con potencial formativo para el fomento de la lectura.
本文分析了SCP基金会推广的，基于虚构科学文章创作建设性超小说的创意写作国际项目。 本研究的目的在于详细说明该实践的培养形成方面，并探索对课堂教育创新活动规划的影响。为此，我们根据相关性原则对SCP进行了选择：对影响力最高、得分最高的 25 个 SCP通过密集描述和文本研究进行了定性分析。 结果表明，这是一个亲和空间，其中发展了与识字相关的重要学习。 此外，值得注意的是，在选择主题、使用的资源、复杂的超文本结构和多模态元素方面，正式学术语言语域的使用具有很大的异质性。在这种法律实践中，假新闻、数据操纵、研究伦理等信息紊乱以及与文学阅读相关的方面，如都市传说和创意写作等普遍融合。 因此，它们是在非正式环境中促进媒体和信息素养的独特文本，并且具有促进阅读的教育潜力。
В данной статье анализируется международный творческий писательский проект Fundación SCP как конструктивный гипервымысел, основанный на создании вымышленных научных статей. Цель данного исследования заключалась в уточнении формирующих аспектов этой правовой практики и изучении последствий для планирования образовательной инновационной деятельности в классе. Для этого был произведен отбор по принципу релевантности: 25 SCP с наибольшим влиянием и наилучшими показателями, и проведен качественный анализ с помощью плотного описания и текстового анализа. Полученные результаты показывают, что речь идет о пространстве близости, в котором развивается важное обучение, связанное с грамотностью. Кроме того, следует отметить использование формально-академического лингвистического регистра с большой неоднородностью в выборе тем, используемых ресурсов, сложных гипертекстовых структур и мультимодальных элементов. В этой правовой практике сходятся такие информационные нарушения, как фальшивые новости, манипулирование данными, исследовательская этика и аспекты, связанные с литературным чтением, такие как городские легенды и творческое письмо в целом. Таким образом, это уникальные тексты, способствующие развитию медийной и информационной грамотности (МИГ) в неформальных контекстах, и произведения с образовательным потенциалом для продвижения чтения.},
	language = {spa},
	number = {1},
	urldate = {2023-09-18},
	journal = {Publicaciones: Facultad de Educación y Humanidades del Campus de Melilla},
	author = {García Roca, Anastasio},
	year = {2021},
	note = {Publisher: Facultad de Educación y Humanidades
Section: Publicaciones: Facultad de Educación y Humanidades del Campus de Melilla},
	pages = {15--42},
	file = {Full Text PDF:/Users/rolly/Zotero/storage/5QX3WVPU/García Roca - 2021 - La Fundación SCP en el desarrollo de la alfabetiza.pdf:application/pdf},
}

@article{garcia_roca_creepypasta_2021,
	title = {Los creepypasta como textualidades metaficcionales: oportunidades formativas para la alfabetización mediática e informacional.},
	issn = {1577-6921},
	shorttitle = {Los creepypasta como textualidades metaficcionales},
	url = {https://dialnet.unirioja.es/servlet/articulo?codigo=7857341},
	abstract = {Las nuevas tecnologías y la era del conocimiento han provocado que la escuela deje de ostentar el monopolio de la educación y surjan nuevos modelos y formatos de aprendizaje. Además, estas circunstancias han desembocado en una cultura de la infoxicación, desinformación y posverdad. En la red no existe el filtro de la información. Este contexto también ha favorecido la creación de nuevas textualidades digitales basadas en la creación colectiva. Entre ellos destacan los creepypasta (historias digitales de terror) como obras basadas en la hiperficción constructiva, inspiradas en las leyendas urbanas y relacionadas con las noticias falsas. Esta investigación tiene el objetivo de analizar los creepypasta como construcciones y modelos narrativos con el fin de aprovechar sus potencialidades en la educación formal. Para ello, se ha extraído y analizado un corpus de 68 obras ubicadas en la sección de Lecturas Sugeridas del espacio de afinidad relacionado con estos textos más importante de la red: creepypasta.fandom. Los resultados hallados muestran que se trata de relatos metaficcionales que utilizan una gran riqueza de técnicas y recursos narrativos. Se manipulan y resignifican imágenes, documentos, noticias y otros hechos documentos. Todo ello, posiciona a estos textos en un espacio privilegiado para el fomento de la lectura y alfabetización mediática e informacional.
New technologies and the era of knowledge have caused the school to cease to hold a  monopoly on education and to emerge new models and learning formats.  Furthermore, these circumstances have led to a culture of infoxication, disinformation  and post-truth. In the network there is no information filter. This context has also  favored the creation of new digital textualities based on collective creation. Among  them stand out the creepypasta (digital horror stories) as works based on constructive  hyperfiction, inspired by urban legends and related to fake news. This research aims  to analyze creepypasta as constructions and narrative models in order to take  advantage of their potential in formal education. To do this, a corpus of 68 works  located in the Suggested Reading section of the affinity space related to these most  important texts on the web has been extracted and analyzed: creepypasta.fandom.  The results found show that these are metafictional stories that use a great wealth of  techniques and narrative resources. Images, documents, news and other document  facts are manipulated and resignified. All this positions these texts in a privileged  space for the promotion of reading and media and information literacy.},
	language = {spa},
	number = {40},
	urldate = {2023-09-18},
	journal = {Tonos digital: revista de estudios filológicos},
	author = {García Roca, Anastasio},
	year = {2021},
	note = {Publisher: Servicio de Publicaciones
Section: Tonos digital: revista de estudios filológicos},
	pages = {12},
	file = {Snapshot:/Users/rolly/Zotero/storage/6CXL3NLU/articulo.html:text/html},
}

@misc{noauthor_slender_nodate,
	title = {The {Slender} {Man} {Wiki}},
	url = {https://theslenderman.fandom.com/wiki/The_Slender_Man_Wiki},
	language = {en},
	urldate = {2024-01-14},
	file = {Snapshot:/Users/rolly/Zotero/storage/PR7UAXHD/The_Slender_Man_Wiki.html:text/html},
}

@misc{noauthor_backrooms_nodate,
	title = {The {Backrooms} {Wiki} - {The} {Backrooms}},
	url = {http://backrooms-wiki.wikidot.com/},
	urldate = {2024-01-14},
	file = {The Backrooms Wiki - The Backrooms:/Users/rolly/Zotero/storage/TMXWPYF3/backrooms-wiki.wikidot.com.html:text/html},
}

@misc{noauthor_nosleep_nodate,
	title = {nosleep},
	url = {https://www.reddit.com/r/nosleep/},
	urldate = {2024-01-14},
	file = {nosleep:/Users/rolly/Zotero/storage/7YE4TDPC/nosleep.html:text/html},
}

@misc{alex_kister_mandela_2021,
	title = {The {Mandela} {Catalogue} {Vol}. 1},
	url = {https://www.youtube.com/watch?v=C8d12w6pMos},
	urldate = {2024-01-13},
	author = {{Alex Kister}},
	month = aug,
	year = {2021},
}

@misc{kane_pixels_backrooms_2022,
	title = {The {Backrooms} ({Found} {Footage})},
	url = {https://www.youtube.com/watch?v=H4dGpz6cnHo},
	abstract = {September 23, 1996

   • Mar11\_90\_ARCHIVE.tar  



https://ko-fi.com/kanepixels},
	urldate = {2024-01-13},
	author = {{Kane Pixels}},
	month = jan,
	year = {2022},
}

@misc{skyyart_introduction_2009,
	title = {Introduction},
	url = {https://www.youtube.com/watch?v=Wmhfn3mgWUI},
	abstract = {0},
	urldate = {2024-01-13},
	author = {{Skyyart}},
	month = jun,
	year = {2009},
}

@misc{myrick_blair_1999,
	title = {The {Blair} {Witch} {Project}},
	publisher = {Alliance Atlantis Vivafilm},
	author = {Myrick, Daniel and Sanchez, Eduardo},
	year = {1999},
}

@book{bacon_evolution_2023,
	address = {Lanham},
	series = {Lexington {Books} horror studies},
	title = {The evolution of horror in the twenty-first century},
	isbn = {978-1-79364-340-7},
	abstract = {"The Evolution of Horror in the Twenty-First Century explores the many aspects of the horror genre across thematics and media in the 2020s. Consisting of 21 chapters by experts in the field, this book examines how horror reveals the anxieties around our current cultural moment and how that might develop in the future"--},
	publisher = {Lexington Books},
	editor = {Bacon, Simon},
	year = {2023},
	keywords = {History and criticism, History, 21st century, Horror films, Horror in mass media, Horror tales, Horror television programs},
	file = {Bacon_2023_The evolution of horror in the twenty-first century.pdf:/Users/rolly/Zotero/storage/PKRLDJXE/Bacon_2023_The evolution of horror in the twenty-first century.pdf:application/pdf},
}

@book{dawkins_gene_2003,
	address = {Paris},
	series = {Poches {Odile} {Jacob}},
	title = {Le gène égoïste},
	isbn = {978-2-7381-1243-9},
	language = {fre},
	number = {111},
	publisher = {O. Jacob},
	author = {Dawkins, Richard},
	translator = {Ovion, Laura},
	year = {2003},
}

@book{blank_slender_2018,
	address = {Logan},
	title = {Slender {Man} is coming: creepypasta and contemporary legends on the {Internet}},
	isbn = {978-1-60732-780-6},
	shorttitle = {Slender {Man} is coming},
	abstract = {"Exploring the menacing figure of Slender Man, the blank-faced, long-limbed bogeyman born of a Photoshop contest, who has appeared in horror stories circulated on- and offline among young people. An unprecedented folkloric take, analyzing him within contemporary legend studies, "creepypastas," folk belief, and children's culture"--Provided by publisher},
	publisher = {Utah State University Press},
	editor = {Blank, Trevor J. and McNeill, Lynne S.},
	year = {2018},
	keywords = {Horror tales, Contagion (Social psychology), Folklore and the Internet, Memes, Slender Man, Urban folklore},
}

@article{duncan_human_2018,
	title = {Human “ish”: {Voices} from {Beyond} the {Grave} in {Contemporary} {Narratives}},
	volume = {15},
	issn = {2386-0316, 1581-8918},
	shorttitle = {Human “ish”},
	url = {https://journals.uni-lj.si/elope/article/view/7849},
	doi = {10.4312/elope.15.1.83-97},
	abstract = {This essay examines three contemporary genre narratives that explore the concept of life after death: an amateur digital “creepypasta” posted on Reddit, an episode of the television series Black Mirror, and Paul La Farge’s 2017 novel The Night Ocean. Using these narratives to explore nearfuture death rituals, transhumanist consciousness preservation, and the role of genre fiction in exposing the instability of narratives and the distributed nature of agency in digital environments, I argue that coping with the unprecedented complexity of life in the digital age requires a reevaluation of what constitutes the self, the human, and the extent to which the narratives that inform these boundaries are permeable and capable of acting with their own agency.},
	number = {1},
	urldate = {2024-01-09},
	journal = {ELOPE: English Language Overseas Perspectives and Enquiries},
	author = {Duncan, Heather},
	month = jun,
	year = {2018},
	pages = {83--97},
	file = {Duncan_2018_Human “ish”.pdf:/Users/rolly/Zotero/storage/553VPTSG/Duncan_2018_Human “ish”.pdf:application/pdf},
}

@article{henriksen_here_2013,
	title = {Here be monsters: a choreomaniac's companion to the \textit{danse macabre}},
	volume = {23},
	issn = {0740-770X, 1748-5819},
	shorttitle = {Here be monsters},
	url = {http://www.tandfonline.com/doi/abs/10.1080/0740770X.2013.857082},
	doi = {10.1080/0740770X.2013.857082},
	language = {en},
	number = {3},
	urldate = {2024-01-09},
	journal = {Women \& Performance: a journal of feminist theory},
	author = {Henriksen, Line},
	month = nov,
	year = {2013},
	pages = {414--423},
}

@article{brzostek_praktyka_2016,
	title = {Praktyka grozy i praktyki narracyjne. {Creepypasta}: niesamowitości (w) sieci},
	issn = {0024-4708},
	shorttitle = {Praktyka grozy i praktyki narracyjne. {Creepypasta}},
	url = {http://apcz.umk.pl/czasopisma/index.php/LL/article/view/LL.3.2016.005},
	doi = {10.12775/LL.3.2016.005},
	number = {3},
	urldate = {2024-01-09},
	journal = {Literatura Ludowa},
	author = {Brzostek, Dariusz},
	month = may,
	year = {2016},
	pages = {53},
	file = {Brzostek_2016_Praktyka grozy i praktyki narracyjne.pdf:/Users/rolly/Zotero/storage/YF26GK8H/Brzostek_2016_Praktyka grozy i praktyki narracyjne.pdf:application/pdf},
}

@article{pattee__2022,
	title = {“[{A}] story about a child is scarier than one about an adult roughly 80\% of the time”: {Creepypasta}, {Children}’s media, and the child in media discourse},
	volume = {29},
	issn = {0907-5682, 1461-7013},
	shorttitle = {“[{A}] story about a child is scarier than one about an adult roughly 80\% of the time”},
	url = {http://journals.sagepub.com/doi/10.1177/09075682221093843},
	doi = {10.1177/09075682221093843},
	abstract = {“Creepypasta,” short works of original horror fiction and frightening images created primarily by amateurs and shared in online communities of like-minded readers and writers, use the language of horror to encode and offer commentary on issues of contemporary concern. A close reading of an exemplary text, “Candle Cove,” demonstrates how this and other similarly themed creepypasta represent vernacular contributions to discussions of young people’s interactions with mass media that reflect a popular interest in both securing and disrupting the figure of the child constructed in media discourse.},
	language = {en},
	number = {2},
	urldate = {2024-01-09},
	journal = {Childhood},
	author = {Pattee, Amy},
	month = may,
	year = {2022},
	pages = {204--218},
}

@article{lamont_raped_2022,
	title = {From raped childhood to ruined childhood: {Developing} an aesthetic of childhood trauma in digital culture from 2001 to 2018},
	issn = {1396-0466},
	shorttitle = {From raped childhood to ruined childhood},
	url = {https://journals.uic.edu/ojs/index.php/fm/article/view/11615},
	doi = {10.5210/fm.v27i6.11615},
	abstract = {This article examines the development of the Ruined Childhood genre of online comedy from 2001 to the early to mid 2010s. This cross-media genre of internet humour, and horror, hinges on the corruption of American childhood media for the nostalgic, and often white, masculinist coded, adult fan. This subject is explored with the intention of understanding how an aesthetic of exaggerated negative affect is both identified and expressed within a parodic online context, before situating such performances within wider systems of power, commercial identity and nationalism. This is identified as a percussor to later media panics surrounding ‘cancel culture’ and childhood media. The article then explains how an analogue aesthetic of disrupted nostalgia can be analysed and understood through Simon Reynolds and Mark Fisher’s theory of hauntology. Key examples in the explored in the article include the Photoshop contests on Something Awful, Cracked Listicles, and Creepypasta lost episodes.},
	urldate = {2024-01-09},
	journal = {First Monday},
	author = {Lamont, Bethany Rose},
	month = jun,
	year = {2022},
}

@misc{cavaletti_dinamica_2021,
	title = {Una dinamica degli sguardi dall'immaginario creepypasta all'horror videoludico = {A} dynamics of gazes from the creepypasta imaginary to horror videogames},
	url = {http://siba-ese.unisalento.it/index.php/h-ermes/article/view/24079/20092},
	doi = {10.1285/I22840753N19P71},
	abstract = {Over the last decades, immersivity has gained increasing importance in the audiovisual imaginary. In this paper, we propose to take a different route and to explore to what extent the dynamics of gazes – and particularly the direct address – can promote "emersive" strategies that challenge the dominant imaginary, with specific reference to creepypastas and horror video games. First, we trace back the origins of the emersive route to Bertolt Brecht, showing that his theory can be adapted to videogames. Second, we provide a survey of some of the types of gaze that actively involve the player in horror videogames. Then, we focus on creepypastas to demonstrate that the gaze is key to their aim of circumventing the players' character, in order to get in touch with the players themselves. Finally, we analyze a specific creepypasta-based game: Doki Doki Literature Club!. Based on this analysis, we draw the main lines of what, in our view, represents a key modification of contemporary horror imaginary.},
	language = {it},
	urldate = {2024-01-09},
	publisher = {University of Salento},
	author = {Cavaletti, Federica and Toniolo, Francesco},
	year = {2021},
	keywords = {creepypasta, direct address, Doki Doki Literature Club!, fourth wall, gaze, horror},
	file = {Cavaletti et Toniolo - 2021 - Una dinamica degli sguardi dall'immaginario creepy.pdf:/Users/rolly/Zotero/storage/8AW8NV4W/Cavaletti et Toniolo - 2021 - Una dinamica degli sguardi dall'immaginario creepy.pdf:application/pdf},
}

@article{henriksen_spread_2018,
	title = {“{Spread} the {Word}”: {Creepypasta}, {Hauntology}, and an {Ethics} of the {Curse}},
	volume = {87},
	issn = {0042-0247, 1712-5278},
	shorttitle = {“{Spread} the {Word}”},
	url = {https://utpjournals.press/doi/10.3138/utq.87.1.266},
	doi = {10.3138/utq.87.1.266},
	abstract = {According to Internet legend, a cursed JPEG file circulates online, featuring an image of a dog with a much too human grin. If you happen to see this image, the dog will haunt your dreams, asking you to “spread the word” by showing its picture to someone else, thereby passing on the curse. The story of Smile.dog, which is the demon dog's name, is a so-called creepypasta – that is, a digital urban legend. Its curse is therefore a playful one, meant to be circulated as a hoax, but it is also a productive, yet challenging, place to ruminate upon ethics in an era of digital media. Through the lens of Jacques Derrida's concept of hauntology – a haunted ontology – this article explores what digital monsters and curses might teach us about ethics as a question of responding to that which haunts and hoaxes.},
	language = {en},
	number = {1},
	urldate = {2024-01-09},
	journal = {University of Toronto Quarterly},
	author = {Henriksen, Line},
	month = mar,
	year = {2018},
	pages = {266--280},
}

@article{mirvoda_fears_2021,
	title = {{FEARS} {AND} {SCARY} {NARRATIVES} {OF} {CHILDREN} {IN} {THE} {ERA} {OF} {THE} {INTERNET}},
	issn = {23054077},
	url = {https://journal-altspu.ru/wp-content/uploads/2021/03/129-147.pdf},
	doi = {10.37386/2305-4077-2021-1-129-147},
	abstract = {(Discussion based on the materials of the defense of T. A. Mirvoda’s PhD thesis “Poetics of a modern children’s “scary” narrative in oral tradition and the Internet”)Within the framework of the conversation, the article discusses psychological background of the emergence and existence of scary stories in the modern online space which are being accompanied with audio-visual objects and ritual practices, which on a par with the oral folk art of similar themes form the network mythology of horrors (the creepypasta). The principles of genre stratification of children’s «scary» narrative folklore and the creation of a corresponding index of characters and plots, as well as the differentiation of scary stories and evocations, proposed in the dissertation research by T. A. Mirvoda, are highlighted.},
	number = {44},
	urldate = {2024-01-09},
	journal = {Culture and Text},
	author = {Mirvoda, T. A. and Stroganov, M. V. and {A. M. Gorky Institute of World literature of the RAS} and {Russian State University named after A. N. Kosygin (Technologies. Design. Art)}},
	year = {2021},
	pages = {129--147},
	file = {Mirvoda et al_2021_FEARS AND SCARY NARRATIVES OF CHILDREN IN THE ERA OF THE INTERNET.pdf:/Users/rolly/Zotero/storage/N23JPHX2/Mirvoda et al_2021_FEARS AND SCARY NARRATIVES OF CHILDREN IN THE ERA OF THE INTERNET.pdf:application/pdf},
}

@article{balanzategui_creepypasta_2019,
	title = {Creepypasta, ‘{Candle} {Cove}’, and the digital gothic},
	volume = {18},
	issn = {1470-4129, 1741-2994},
	url = {http://journals.sagepub.com/doi/10.1177/1470412919841018},
	doi = {10.1177/1470412919841018},
	abstract = {Throughout the past decade, a multimodal type of internet storytelling has developed that extends upon the early Web 2.0 viral narrative practices of chain emails as well as pre-digital folkloric storytelling traditions such as the ghost story and urban legend. This popular mode of digital storytelling, known broadly as ‘Creepypasta’, is produced and consumed according to folkloric practices that in turn shape its form and aesthetics. The author suggests that a precise genre has emerged out of the originally wide-ranging terrain of Creepypasta, a generic mode constituted of specific thematic preoccupations and aesthetics that she refers to as ‘the digital gothic’. Through analysis of the foundational story ‘Candle Cove’, the article outlines the digital gothic’s anxious preoccupation with dead and residual media, and with the interface between technological and personal change. She demonstrates how ‘Candle Cove’ deconstructs nostalgia in its tense negotiation of the relationship between analogue and digital cultures. The author’s analysis thus illuminates how vernacular online genres such as the digital gothic productively work through the aesthetic and conceptual tensions underpinning technological change in the networked digital era.},
	language = {en},
	number = {2},
	urldate = {2024-01-09},
	journal = {Journal of Visual Culture},
	author = {Balanzategui, Jessica},
	month = aug,
	year = {2019},
	pages = {187--208},
}

@article{tudor_why_1997,
	title = {{WHY} {HORROR}? {THE} {PECULIAR} {PLEASURES} {OF} {A} {POPULAR} {GENRE}},
	volume = {11},
	issn = {0950-2386, 1466-4348},
	shorttitle = {{WHY} {HORROR}?},
	url = {http://www.tandfonline.com/doi/abs/10.1080/095023897335691},
	doi = {10.1080/095023897335691},
	language = {en},
	number = {3},
	urldate = {2024-01-09},
	journal = {Cultural Studies},
	author = {Tudor, Andrew},
	month = oct,
	year = {1997},
	pages = {443--463},
}

@misc{noauthor_golem_nodate,
	title = {{GOLEM} - {Graphs} and {Ontologies} for {Literary} {Evolution} {Models}},
	url = {https://golemlab.eu/},
	abstract = {Digital Humanities research project about the cultural evolution of online fiction},
	language = {en},
	urldate = {2023-12-08},
	file = {Snapshot:/Users/rolly/Zotero/storage/3BUQQ9UZ/golemlab.eu.html:text/html},
}

@misc{noauthor_how_2023,
	title = {How {Exactly} does {Literary} {Content} {Depend} on {Genre}? {A} {Case} {Study} of {Animals} in {Children}’s {Literature} - {CHR2023} / chr23-paper},
	shorttitle = {How {Exactly} does {Literary} {Content} {Depend} on {Genre}?},
	url = {https://discourse.computational-humanities-research.org/t/how-exactly-does-literary-content-depend-on-genre-a-case-study-of-animals-in-children-s-literature/2048},
	abstract = {💬 Speaker: Kirill Maslinsky  🏛 Affiliation: 1, INALCO, Paris; 2, Institute of Russian Literature (Pushkin House), Saint Petersburg  Title: How Exactly does Literary Content Depend on Genre? A Case Study of Animals in Children’s Literature   Abstract: The content of literary fiction at least partly depends on literary   tradition. The dependence is attested quantitatively in the   association of genre with lexical statistical patterns.  This short   paper is a st...},
	language = {en},
	urldate = {2023-12-08},
	journal = {Computational Humanities Research},
	month = nov,
	year = {2023},
	file = {Snapshot:/Users/rolly/Zotero/storage/DMCLWFQK/2048.html:text/html},
}

@misc{noauthor_t5_2023,
	title = {T5 meets {Tybalt}: {Author} {Attribution} in {Early} {Modern} {English} {Drama} {Using} {Large} {Language} {Models} - {CHR2023} / chr23-paper},
	shorttitle = {T5 meets {Tybalt}},
	url = {https://discourse.computational-humanities-research.org/t/t5-meets-tybalt-author-attribution-in-early-modern-english-drama-using-large-language-models/2055},
	abstract = {💬 Speaker: Rebecca M. M. Hicke and David Mimno  🏛 Affiliation: 1, Department of Computer Science, Cornell University, USA; 2, Department of Information Science, Cornell University, USA  Title: T5 meets Tybalt: Author Attribution in Early Modern English Drama Using Large Language Models   Abstract: Large language models have shown breakthrough potential in many NLP domains. Here we consider their use for stylometry, specifically authorship identification in Early...},
	language = {en},
	urldate = {2023-12-08},
	journal = {Computational Humanities Research},
	month = nov,
	year = {2023},
	file = {Snapshot:/Users/rolly/Zotero/storage/RE4VHL2F/2055.html:text/html},
}

@misc{noauthor_not_2023,
	title = {Not just {Plot}(ting): {A} {Comparison} of {Two} {Approaches} for {Understanding} {Narrative} {Text} {Dynamics} - {CHR2023} / chr23-paper},
	shorttitle = {Not just {Plot}(ting)},
	url = {https://discourse.computational-humanities-research.org/t/not-just-plot-ting-a-comparison-of-two-approaches-for-understanding-narrative-text-dynamics/2049},
	abstract = {💬 Speaker: Pascale Feldkamp Moreira, Yuri Bizzoni, Emily Öhman and Kristoffer L. Nielbo  🏛 Affiliation: 1, Center for Humanities Computing, Aarhus University, Aarhus, Denmark; 2, School of International Liberal Studies, Waseda University, Tokyo, Japan  Title: Not just Plot(ting): A Comparison of Two Approaches for Understanding Narrative Text Dynamics   Abstract: This paper presents the outcomes of a study that leverages emotion  \%classification  annotation to i...},
	language = {en},
	urldate = {2023-12-08},
	journal = {Computational Humanities Research},
	month = nov,
	year = {2023},
	file = {Snapshot:/Users/rolly/Zotero/storage/KN8JVYMG/2049.html:text/html},
}

@misc{noauthor_modeling_2023,
	title = {Modeling {Narrative} {Revelation} - {CHR2023} / chr23-paper},
	url = {https://discourse.computational-humanities-research.org/t/modeling-narrative-revelation/2073},
	abstract = {💬 Speaker: Andrew Piper, Hao Xu and Eric D. Kolaczyk  🏛 Affiliation: McGill University, Montreal, QC H3A 2M7, CANADA  Title: Modeling Narrative Revelation   Abstract: A core aspect of human storytelling is the element of narrative time. In this paper, we propose a model of narrative revelation using the information-theoretic concept of relative entropy, which has been used in a variety of settings to understand textual similarity, along with methods in time-seri...},
	language = {en},
	urldate = {2023-12-08},
	journal = {Computational Humanities Research},
	month = nov,
	year = {2023},
	file = {Snapshot:/Users/rolly/Zotero/storage/998ANGY6/2073.html:text/html},
}

@article{barre_beyond_nodate,
	title = {Beyond {Canonicity}: {Modeling} {Canon}/{Archive} {Literary} {Change} in {French} {Fiction}},
	abstract = {This study o昀昀ers a fresh perspective on the Canon/Archive problem in literature through computational analysis. Following Tynianov’s understanding of literature, we adopt a dynamic approach to literature by proposing a model of literary variability using the Kullback-Leibler divergence. We retrieve key authors and works that shape the broad outlines of literary change. Our aim is to evaluate the importance of canonical authors on literary variability. We opt for a cohort-driven setup to analyze the variability contributed by a given text, focusing on speci昀椀c formal and semantic aspects of texts such as topics, lexicon, characterization, and chronotope. The 昀椀ndings reveal that canonical authors tend to contribute slightly more to literary change than those from the archive.},
	language = {en},
	author = {Barré, Jean and Poibeau, Thierry},
	file = {Barré et Poibeau - Beyond Canonicity Modeling CanonArchive Literary.pdf:/Users/rolly/Zotero/storage/YMZCXFUM/Barré et Poibeau - Beyond Canonicity Modeling CanonArchive Literary.pdf:application/pdf},
}

@article{morin_why_2023,
	title = {Why monsters are dangerous},
	url = {https://osf.io/t7pnf},
	doi = {10.31235/osf.io/t7pnf},
	abstract = {Monsters and other imaginary animals have been conjured up by a wide range of cultures. Can their popularity be explained, and can their properties be predicted? These were long-standing questions for structuralist or cognitive anthropology, as well as literary studies and cultural evolution. The task is to solve the puzzle raised by the popularity of extraordinary imaginary animals, and to explain some cross-cultural regularities that such animals present — traits like hybridity or dangerousness. The standard approach to this question was to first investigate how human imagination deals with actually existing animals. Structuralist theory held that some animals are particularly "good to think with”. According to Mary Douglas’s influential hypothesis, this was chiefly true of animals that disrupt intuitive classifications of species— the “monsters-as-anomalies” account. But this hypothesis is problematic, as ethnobiology shows that folk classifications of biological species are so plastic that classificatory anomalies can be disregarded. This led cognitive anthropologists to propose alternative versions of the “monsters as anomalies” account. Parallel to this, a second account of monsters —“monsters-as-predators”— starts from the importance of predator detection to our past survival and reproduction, and argues that dangerous features make animals “good to think with”, and should be over-represented in imaginary animals. This paper argues that both accounts understand something about monsters that the other account cannot explain. We propose a synthesis of these two accounts, which attempts to explain why the two most characteristic aspects of monsters, anomalousness and predatoriness, tend to go together.},
	language = {en-us},
	urldate = {2023-12-08},
	author = {Morin, Olivier and Sobchuk, Oleg},
	month = dec,
	year = {2023},
	note = {Publisher: OSF},
	file = {Morin_Sobchuk_2023_Why monsters are dangerous.pdf:/Users/rolly/Zotero/storage/CTGI5R5J/Morin_Sobchuk_2023_Why monsters are dangerous.pdf:application/pdf;Snapshot:/Users/rolly/Zotero/storage/ID7U6J7W/t7pnf.html:text/html},
}

@article{dancygier_internet_2017,
	title = {Internet memes as multimodal constructions},
	volume = {28},
	issn = {0936-5907, 1613-3641},
	url = {https://www.degruyter.com/document/doi/10.1515/cog-2017-0074/html},
	doi = {10.1515/cog-2017-0074},
	abstract = {This paper considers a range of so-called image macro Internet memes and describes them as emerging multimodal constructions relying as much on image as on text, and apportioning roles to images much like constructional slots, for instance to fill in a subject role in a subjectless clause, or even to provide the main clause content to a textually given when-clause. In addition to existing or partially altered linguistic constructions, many examples also rely on specific top text/bottom text division of labor, and crucially depend on frame metonymy, with limited formal means quickly cueing richly detailed frames (for instance by using iconic images). The popularity of memes, forming series and cycles of iterations and remixes, and their role in establishing and maintaining discourse communities seems to be driven by a need to express and reconstrue viewpoints, often starting from ideas, affects or stereotypes assumed to be intersubjectively shared with viewers, whose responses they solicit. This paper argues that a proper description of Internet memes of the type considered requires a construction grammar approach, complemented by an understanding of viewpoint dynamics in terms of a Discourse Viewpoint Space regulating the network of spaces and viewpoints.},
	language = {en},
	number = {3},
	urldate = {2023-10-27},
	journal = {Cognitive Linguistics},
	author = {Dancygier, Barbara and Vandelanotte, Lieven},
	month = aug,
	year = {2017},
	pages = {565--598},
	file = {Dancygier et Vandelanotte - 2017 - Internet memes as multimodal constructions.pdf:/Users/rolly/Zotero/storage/4QBQGXWI/Dancygier et Vandelanotte - 2017 - Internet memes as multimodal constructions.pdf:application/pdf},
}

@book{wiggins_discursive_2019,
	address = {New York London},
	series = {Routledge studies in new media and cyberculture},
	title = {The discursive power of memes in digital culture: ideology, semiotics, and intertextuality},
	isbn = {978-1-138-58840-0 978-0-367-66133-5},
	shorttitle = {The discursive power of memes in digital culture},
	language = {en},
	number = {45},
	publisher = {Routledge},
	author = {Wiggins, Bradley E.},
	year = {2019},
	file = {Wiggins - 2019 - The discursive power of memes in digital culture .pdf:/Users/rolly/Zotero/storage/IP4V9ZBC/Wiggins - 2019 - The discursive power of memes in digital culture .pdf:application/pdf},
}

@book{shifman_memes_2014,
	address = {Cambridge, Massachusetts},
	series = {The {MIT} {Press} essential knowledge series},
	title = {Memes in digital culture},
	isbn = {978-0-262-52543-5},
	abstract = {In December 2012, the exuberant video "Gangnam Style" became the first YouTube clip to be viewed more than one billion times. Thousands of its viewers responded by creating and posting their own variations of the video: "Mitt Romney Style," "NASA Johnson Style," "Egyptian Style," and many others. "Gangnam Style" (and its attendant parodies, imitations, and derivations) is one of the most famous examples of an Internet meme: a piece of digital content that spreads quickly around the Web in various iterations and becomes a shared cultural experience. In this book, the author investigates Internet memes and what they tell us about digital culture. She discusses a series of well-known Internet memes, including "Leave Britney Alone," the pepper-spraying cop, LOLCats, Scumbag Steve, and Occupy Wall Street's "We Are the 99 Percent." She offers a novel definition of Internet memes: digital content units with common characteristics, created with awareness of each other, and circulated, imitated, and transformed via the Internet by many users. She differentiates memes from virals; analyzes what makes memes and virals successful; describes popular meme genres; discusses memes as new modes of political participation in democratic and nondemocratic regimes; and examines memes as agents of globalization. Memes, the author argues, encapsulate some of the most fundamental aspects of the Internet in general and of the participatory Web 2.0 culture in particular. Internet memes may be entertaining, but in this book the author makes a compelling argument for taking them seriously. -- Publisher's description},
	language = {en},
	publisher = {The MIT Press},
	author = {Shifman, Limor},
	year = {2014},
	file = {Shifman - 2014 - Memes in digital culture.pdf:/Users/rolly/Zotero/storage/URRU33PH/Shifman - 2014 - Memes in digital culture.pdf:application/pdf},
}

@article{taecharungroj_humour_2015,
	title = {Humour 2.0: {Styles} and {Types} of {Humour} and {Virality} of {Memes} on {Facebook}},
	volume = {10},
	issn = {0973-2586, 0973-2594},
	shorttitle = {Humour 2.0},
	url = {http://journals.sagepub.com/doi/10.1177/0973258615614420},
	doi = {10.1177/0973258615614420},
	abstract = {This research analyzes the communication process of humorous memes in the most vibrant online phenomenon, Facebook. Through quantitative and qualitative content analysis of 1,000 memes shared on a Facebook page, this research tests the effect of various styles and types of humour on the virality of memes. Self-defeating is the most effective style of humour although it is not the most frequently used. By applying the typology used in the context of broadcast and print media, this study shows that although sarcasm and silliness are the two most prevalent types of humour used in Internet memes, no obvious differences can be observed in the effects of seven types of humour—comparison, personification, exaggeration, pun, sarcasm, silliness and surprise—on virality. Nevertheless, the authors develop the framework for humorous memes in social media communications by combining established communication models with the concepts and theories of humour and virality. The findings of this research may benefit practitioners who are involved in humour communications on social media. The framework and insights on the styles and types of humour in social media memes may also be helpful for researchers aiming to further explore the relevant topics.},
	language = {en},
	number = {3},
	urldate = {2023-10-27},
	journal = {Journal of Creative Communications},
	author = {Taecharungroj, Viriya and Nueangjamnong, Pitchanut},
	month = nov,
	year = {2015},
	pages = {288--302},
	file = {Taecharungroj et Nueangjamnong - 2015 - Humour 2.0 Styles and Types of Humour and Viralit.pdf:/Users/rolly/Zotero/storage/3AD8YDFS/Taecharungroj et Nueangjamnong - 2015 - Humour 2.0 Styles and Types of Humour and Viralit.pdf:application/pdf},
}

@article{fialkova_ghosts_2001,
	title = {Ghosts in the {Cyber} {World}. {An} {Analysis} of {Folklore} {Sites} on the {Internet}},
	volume = {42},
	issn = {0014-6242, 1613-0464},
	url = {https://www.degruyter.com/document/doi/10.1515/fabl.2001.011/html},
	doi = {10.1515/fabl.2001.011},
	language = {en},
	number = {2},
	urldate = {2023-10-16},
	journal = {Fabula},
	author = {Fialkova, Larisa and Yelenevskaya, Maria N.},
	month = sep,
	year = {2001},
	pages = {64--89},
	file = {Fialkova_Yelenevskaya_2001_Ghosts in the Cyber World.pdf:/Users/rolly/Zotero/storage/8W3DP2A6/Fialkova_Yelenevskaya_2001_Ghosts in the Cyber World.pdf:application/pdf},
}

@article{sade-beck_internet_2004,
	title = {Internet {Ethnography}: {Online} and {Offline}},
	volume = {3},
	issn = {1609-4069, 1609-4069},
	shorttitle = {Internet {Ethnography}},
	url = {http://journals.sagepub.com/doi/10.1177/160940690400300204},
	doi = {10.1177/160940690400300204},
	abstract = {This article proposes a new methodology for qualitative research on the Internet, based on the integration of qualitative data-gathering methodologies both online and offline. This combination enables the creation of rich ethnography or, as Geertz (1973) has called it, “thick description,” not limited to the Internet alone. The importance of this article lies in its contribution to a better understanding of the research potential of the Internet and its implementation in qualitative research methodologies.},
	language = {en},
	number = {2},
	urldate = {2023-10-16},
	journal = {International Journal of Qualitative Methods},
	author = {Sade-Beck, Liav},
	month = jun,
	year = {2004},
	pages = {45--51},
	file = {Sade-Beck - 2004 - Internet Ethnography Online and Offline.pdf:/Users/rolly/Zotero/storage/3IZ42ZLP/Sade-Beck - 2004 - Internet Ethnography Online and Offline.pdf:application/pdf},
}

@article{tripathy_towards_2013,
	title = {Towards combating rumors in social networks: {Models} and metrics},
	volume = {17},
	issn = {1088-467X},
	shorttitle = {Towards combating rumors in social networks},
	url = {https://content.iospress.com/articles/intelligent-data-analysis/ida00571},
	doi = {10.3233/IDA-120571},
	abstract = {Rumor is a potentially harmful social phenomenon that has been observed in all human societies in all times. Social networking sites provide a platform for the rapid interchange of information and hence, for the rapid dissemination of unsubstantiated},
	language = {en},
	number = {1},
	urldate = {2023-10-13},
	journal = {Intelligent Data Analysis},
	author = {Tripathy, Rudra M. and Bagchi, Amitabha and Mehta, Sameep},
	month = jan,
	year = {2013},
	note = {Publisher: IOS Press},
	pages = {149--175},
	file = {Tripathy et al. - 2013 - Towards combating rumors in social networks Model.pdf:/Users/rolly/Zotero/storage/62FHQZ6G/Tripathy et al. - 2013 - Towards combating rumors in social networks Model.pdf:application/pdf},
}

@book{blank_folklore_2009,
	title = {Folklore and the {Internet}: {Vernacular} {Expression} in a {Digital} {World}},
	isbn = {978-1-4571-7474-2},
	shorttitle = {Folklore and the {Internet}},
	abstract = {A pioneering examination of the folkloric qualities of the World Wide Web, e-mail, and related digital media. These stuidies show that folk culture, sustained by a new and evolving vernacular, has been a key, since the Internet's beginnings, to language, practice, and interaction online. Users of many sorts continue to develop the Internet as a significant medium for generating, transmitting, documenting, and preserving folklore.  In a set of new, insightful essays, contributors Trevor J. Blank, Simon J. Bronner, Robert Dobler, Russell Frank, Gregory Hansen, Robert Glenn Howard, Lynne S. McNeill, Elizabeth Tucker, and William Westerman showcase ways the Internet both shapes and is shaped by folklore},
	language = {en},
	publisher = {University Press of Colorado},
	author = {Blank, Trevor J.},
	month = sep,
	year = {2009},
	note = {Google-Books-ID: bc69AwAAQBAJ},
	keywords = {Computers / Internet / General, Social Science / Folklore \& Mythology, Social Science / General},
}

@book{blank_toward_2014,
	title = {Toward a {Conceptual} {Framework} for the {Study} of {Folklore} and the {Internet}},
	isbn = {978-0-87421-945-6},
	abstract = {Trevor Blank broke new ground for the field of folklore studies in this essay by rationalizing the study of the internet as an important area of expressive vernacular culture. Pushing back against traditionalists who dismissed the digital as simply the domain of technicians and mass media, Blank argues that "from the earliest moments of the modern Internet’s existence, folklore was a central component of the domain, moderating the intersection of computer professionals with hackers, newfangled lingo, and the dispersal of stories, pranks, and legends." With this essay and the volume it introduces, Blank theorizes the internet as an important analytic venue for folklorists, and sets the agenda for digital folklore research.  Utah State University Press’s Current Arguments in Folklore is a series of thought-provoking, short-form, digital publications made up of provocative original material and selections from foundational titles by leading thinkers in the field. Perfect for the folklore classroom as well as the professional collection, this series provides access to important introductory content as well as innovative new work intended to stimulate scholarly conversation.},
	language = {en},
	publisher = {University Press of Colorado},
	author = {Blank, Trevor J.},
	month = jun,
	year = {2014},
	note = {Google-Books-ID: RnPgCwAAQBAJ},
	keywords = {Social Science / Folklore \& Mythology, Social Science / General},
}

@article{koiva_contemporary_nodate,
	title = {Contemporary {Folklore}, {Internet} and {Communities} at the beginning of the 21st {Century}},
	language = {en},
	author = {Kõiva, Mare and Vesik, Liisa},
	file = {Kõiva et Vesik - Contemporary Folklore, Internet and Communities at.pdf:/Users/rolly/Zotero/storage/F3E8658F/Kõiva et Vesik - Contemporary Folklore, Internet and Communities at.pdf:application/pdf},
}

@misc{noauthor_rumeur_nodate,
	title = {De la rumeur à la légende urbaine},
	url = {https://www.pulaval.com/livres/de-la-rumeur-a-la-legende-urbaine},
	abstract = {Martine Roberge est connue comme ethnographe et historienne. Consultante sur Canal “D” pour la série télévisée sur es légendes urbaines. Style très accessible. Même à l’heure d’Internet et des nouvelles technologies, les légendes ne sont pas aussi nouvelles qu’elles paraissent. Petit livre pour ceux et celles qui veulent en savoir plus sur ce que sont ces légendes urbaines, agrémenté d’un petit catalogue des légendes.},
	language = {fr},
	urldate = {2023-10-13},
	journal = {Presse de l'Université Laval},
	file = {Snapshot:/Users/rolly/Zotero/storage/I64W3LSQ/de-la-rumeur-a-la-legende-urbaine.html:text/html},
}

@article{van_de_winkel_ragots_2014,
	title = {Ragots, rumeurs, légendes urbaines, et e-canulars : vers un éclaircissement des genres},
	issn = {2292-2261},
	shorttitle = {Ragots, rumeurs, légendes urbaines, et e-canulars},
	url = {https://www.erudit.org/en/journals/nrsc/2014-n7-nrsc07020/1089208ar/},
	doi = {10.21083/nrsc.v0i7.3029},
	abstract = {This essay examines the ubiquity of cultural forms such as gossip, rumours, urban legends, and hoaxes. This study addresses each cultural form as genre, pointing to their overlapping features and characteristics. In what follows, the authors explore each genre’s key practices, practitioners, motivations, and social settings in the interests of unravelling of the oft misunderstood relationships among these and other related forms. The essay situates these forms and practices as vibrant, compelling, and complex forms of discourse that initiate dialogue and deliberation in numerous settings to a broad (if amorphous) public.},
	language = {fr},
	number = {7},
	urldate = {2023-10-13},
	journal = {Nouvelle Revue Synergies Canada},
	author = {Van de Winkel, Aurore and Reilly, Ian},
	year = {2014},
	note = {Publisher: University of Guelph, School of Languages and Literatures},
	keywords = {Genre, Gossip, Media Hoaxing, Rumours, Urban Legends},
	pages = {1--11},
	file = {Snapshot:/Users/rolly/Zotero/storage/GIJINNKI/1089208ar.html:text/html;Texte intégral:/Users/rolly/Zotero/storage/4LGZLVM3/Van de Winkel et Reilly - 2014 - Ragots, rumeurs, légendes urbaines, et e-canulars .pdf:application/pdf},
}

@article{cowdell_slender_2020,
	title = {Slender {Man} is {Coming}: {Creepypasta} and {Contemporary} {Legends} on the {Internet}: {Edited} by {Trevor} {J}. {Blank} and {Lynne} {S}. {McNeill}. {Logan}: {Utah} {State} {University} {Press}, 2018. 187 pp. {Illus}. \$24.95 (pbk). {ISBN} 978-1-60732-780-6},
	volume = {131},
	issn = {0015-587X, 1469-8315},
	shorttitle = {Slender {Man} is {Coming}},
	url = {https://www.tandfonline.com/doi/full/10.1080/0015587X.2019.1684728},
	doi = {10.1080/0015587X.2019.1684728},
	language = {en},
	number = {3},
	urldate = {2023-10-11},
	journal = {Folklore},
	author = {Cowdell, Paul},
	month = jul,
	year = {2020},
	pages = {320--322},
}

@article{sanchez_folklore_2018,
	title = {Folklore digital: la vigencia de las leyendas urbanas en los creepypastas},
	volume = {1},
	copyright = {Copyright (c)},
	issn = {2618-2726},
	shorttitle = {Folklore digital},
	url = {https://revistas.unc.edu.ar/index.php/heterotopias/article/view/19993},
	abstract = {The aim of this research is to relieve the genre variances and invariances of the creepypasta to establish the distinctive traits of this genre in Argentina. Our theoretical framework is taken from Discourse Analysis and recent works about mediation and platforms by Oscar Traversa (2009), studies about the culture of connectivity by José Van Dijck (2016) and works about Urban legends by Jan Harold Brunvand (2011). We believe that this popular literature in digital form generates spaces of collective and collaborative writing where short versions or adaptations of urban legends are shared with the purpose of generating fear in the readers. In Argentina the creepypasta presents a stylistic challenge: to be creative in the production of regional variants of several classical stories. This research, thus, serves as a contribution for the studies of digital folklore in our country. But moreover, we believe that teachers can enrich themselves with this knowledge because the students who were or are still administrators, readers or producers of creepypasta, participate in a “group or group network that generates particular forms of production, interpretation and circulation of discourse” (Maingueneau, 2004. our translation). The users of this and other platforms, acquire ?due to frequency? the genre features and restrictions that correspond to these texts. Using the abilities and previous knowledge of the students may be productive to overcome some of the difficulties that students face in their own written productions, not to mention the competences they acquire in the use and manipulation of illustrations, images, videos and audios.},
	language = {es},
	number = {1},
	urldate = {2023-10-11},
	journal = {Heterotopías},
	author = {Sánchez, Sandra},
	month = jun,
	year = {2018},
	note = {Number: 1},
	keywords = {creepypasta, collaborative writing, digital folklore, discourse analysis},
	file = {Full Text PDF:/Users/rolly/Zotero/storage/ZNPPPFQ6/Sánchez - 2018 - Folklore digital la vigencia de las leyendas urba.pdf:application/pdf},
}

@misc{goudet_memes_2012,
	type = {Billet},
	title = {Mèmes 2 – le côté obscur -mais parfois mince- de la force (mémétique)},
	url = {https://lac.hypotheses.org/57},
	abstract = {Après le copypasta, vient le creepypasta, ou “on reprend les mêmes[1] et on recommence”.  Le creepypasta, c’est le copier-coller (“copy-paste”) mais en effrayant (“creepy”). En bonne amatrice d’horreur en général, je ne pouvais pas passer à côté d’une description un peu scientifique de ce genre de mèmes. Le but premier du creepypasta, c’est de faire … Continuer la lecture de Mèmes 2 – le côté obscur -mais parfois mince- de la force (mémétique)  →},
	language = {fr-FR},
	urldate = {2023-10-11},
	journal = {Mes langues aux chats},
	author = {Goudet, Laura},
	month = nov,
	year = {2012},
	file = {Snapshot:/Users/rolly/Zotero/storage/2S3IDYMB/57.html:text/html},
}

@misc{noauthor_rumeurs_nodate,
	title = {Rumeurs, légendes urbaines et théories du complot au prisme des sci...},
	copyright = {https://creativecommons.org/publicdomain/zero/1.0/},
	url = {https://calenda.org/391424},
	abstract = {Ce numéro sera consacré au thème « Rumeurs, légendes urbaines et théories du complot au prisme des sciences sociales. Enjeux, méthodes, perspectives ». Ce numéro de la revue Émulations se propose d...},
	language = {fr},
	urldate = {2023-10-11},
	file = {Snapshot:/Users/rolly/Zotero/storage/FGAP7D6G/391424.html:text/html},
}

@article{froissart_rumeurs_2002,
	title = {Rumeurs sur {Internet}},
	volume = {13},
	issn = {1270-0665},
	url = {https://www.cairn.info/revue-les-cahiers-de-mediologie-2002-1-page-201.htm},
	doi = {10.3917/cdm.013.0201},
	abstract = {Un spectre parcourt le monde, qui a pris la forme d’un spectacle. Outre le dommage, le « terrorisme » produit un message. C’est la propagande par le fait ou la pédagogie par le meurtre. C’est une proclamation visuelle qui vise, par sa mise en scène, à faire impression. De là, une scénographie, une rhétorique, une économie des signes, une stratégie de l’image. Voilà qui appelait une médiologie puisqu’il en va, au-delà des actes, de ce qui leur permet d’agir sur les esprits. Par quels voies et moyens, cette efficacité symbolique ? Les formes du terrorisme, qu’il soit de résistance ou d’État, ne dépendent pas moins des moyens de propagation des messages que des moyens de destruction physique. Ce numéro voudrait mettre au jour ces correspondances cachées, sur la longue durée, depuis l’invention du terme de « terrorisme » (1794). Pas seulement pour le plaisir de comprendre, mais avec l’envie de prévenir. Car la médiologie du terrorisme introduit lucidement au paradoxe des violences politiques à venir : proliférer partout, ne triompher nulle part et partout renaître.},
	language = {fr},
	number = {1},
	urldate = {2023-10-11},
	journal = {Les cahiers de médiologie},
	author = {Froissart, Pascal},
	year = {2002},
	note = {Place: Paris
Publisher: Gallimard},
	pages = {201--204},
	file = {Snapshot:/Users/rolly/Zotero/storage/2IS8MY4P/article.html:text/html},
}

@article{renard_rumeurs_2011,
	title = {Les rumeurs et internet},
	abstract = {Cet exposé va traiter des rumeurs et d’Internet, sous deux aspects: Internet comme objet de rumeurs et Internet comme moyen de diffusion des rumeurs. On définira les rumeurs au sens large comme des informations non vérifiées qui circulent dans un groupe social, et au sens strict comme des informations fausses auxquelles des gens croient. La légende urbaine, ou légende contemporaine, est une rumeur narrative, une anecdote de la vie quotidienne, fausse ou douteuse, mais à laquelle on croit parce qu’elle est vraisemblable et qu’elle véhicule un message moral.},
	language = {fr},
	urldate = {2023-10-11},
	journal = {HAL-SHS : sociologie},
	author = {Renard, Jean-Bruno},
	year = {2011},
	note = {Publisher: HAL-SHS : sociologie},
}

@book{renard_legendes_1992,
	title = {Légendes urbaines: {Rumeurs} d'aujourd'hui},
	shorttitle = {Légendes urbaines},
	abstract = {International audience},
	language = {fr},
	urldate = {2023-10-11},
	publisher = {HAL-SHS : sociologie},
	author = {Renard, Jean-Bruno and Campion-Vincent, Véronique},
	year = {1992},
	note = {Publication Title: HAL-SHS : sociologie},
}

@book{mao_peurs_2022,
	title = {Peurs urbaines : {XVIe}-{XXIe} siècle},
	isbn = {979-10-353-1892-5},
	shorttitle = {Peurs urbaines},
	abstract = {La notion de "peurs urbaines" n'est pas neuve, loin de là, mais est à ranger au nombre de celles qui peuvent être examinées avec des questionnements renouvelés. Depuis les années 2000, nous sommes passés des questions d'insécurité à une perspective beaucoup plus large de la "gamme" des peurs urbaines. Par cette expression, nous entendons des sentiments collectifs d'anxiété, dans les populations urbaines, devant des événements se produisant ou susceptibles de se produire dans la ville où ils vivent, et durant suffisamment longtemps pour ne pas être considérés comme anecdotiques. Bien d'autres événements sont en effet intervenus depuis. La crainte du terrorisme n'était pas inconnue en 2000, mais les attentats du 11 septembre, suivis par d'autres, ont porté les peurs à un niveau bien plus élevé. La thématique classique des "classes dangereuses" s'est transformée avec la multiplication des émeutes urbaines ou des manifestations qui débouchent sur des violences extrêmes plus ou moins spontanées. De nouveaux questionnements sont apparus ou ont été réactivés, comme les peurs des catastrophes naturelles, les peurs climatiques ou environnementales, épidémiques, les destructions, les peurs alimentaires, depuis les disettes ou famines de l'époque moderne jusqu'aux psychoses du début du XXIe siècle. Ce volume élargit aussi la réflexion aux peurs irrationnelles, aux rumeurs et légendes urbaines, certaines intemporelles (les enlèvements de personnes perpétrées par des Juifs à l'époque médiévale aux 'rumeurs' de type Orléans), d'autres plus circonscrites dans le temps et l'espace (des "piqueurs" de femmes dans le Paris de la Restauration aux "voleurs de sexe" dans les villes d'Afrique occidentale), sans oublier les peurs anticipées, à l'instar des Californiens appréhendant la survenue du séisme du "Big One". On s'inscrit ici dans une démarche nouvellement engagée d'une approche "émotionnelle" de la ville, ou d'une historicisation des émotions des habitants des villes, elles-mêmes artefacts culturels de l'homme.},
	language = {fr},
	urldate = {2023-10-11},
	publisher = {HAL-SHS : histoire},
	author = {Mao, Caroline Le and Chassaigne, Philippe and Delaporte, Adèle},
	year = {2022},
	note = {Publication Title: HAL-SHS : histoire},
}

@incollection{lata_du_2022,
	address = {Paris},
	series = {Actes de la recherche à l’{ENS}},
	title = {Du canon au fanon : {Sacralités} multiples du canon littéraire dans la fanfiction},
	isbn = {978-2-7288-0973-8},
	shorttitle = {Du canon au fanon},
	url = {http://books.openedition.org/editionsulm/4739},
	abstract = {Cet article s’intéresse au cas particulier que représentent, du point de vue de l’autorité conférée aux textes, les fanfictions s’inspirant des œuvres du canon littéraire. Ces réécritures par des amateurs en ligne occupent en effet une place particulièrement marginale vis-à-vis de la littérature publiée, dans la mesure où elles ne sont que peu ou pas auctorialisées, leur diffusion se faisant gratuitement et sous couvert d’anonymat. Lorsque les fans choisissent de réécrire des classiques, l’écart de statut entre le texte source et sa réécriture est donc particulièrement important et engendre un certain nombre de tensions. Il s’agira d’identifier ce qui, dans la fanfiction, contraste avec le régime de sacralité propre aux œuvres littéraires du canon, et empêche que la réception de ces textes ne se fasse sous les mêmes auspices que celle des textes qu’ils réécrivent. Nous serons amenée à distinguer plusieurs « canons » au sein de l’univers fanfictionnel (canon interne, fanon), différant plus ou moins du canon littéraire consacré. C’est en effet à travers une diversification de la notion même de canon que les producteurs de fanfictions peuvent négocier pour leurs textes une légitimité seconde, se déployant à une échelle communautaire en marge des circuits littéraires institutionnels.},
	urldate = {2022-10-11},
	booktitle = {Sacré canon : {Autorité} et marginalité en littérature},
	publisher = {Éditions Rue d’Ulm},
	author = {Lata, Marion},
	editor = {Baudoin, Anne-Catherine},
	month = jan,
	year = {2022},
	note = {Code: Sacré canon : Autorité et marginalité en littérature},
	keywords = {notion, auteurs et artiste, autocanonisation, canon, classique littéraire, étude littéraire, évolution littéraire, génie littéraire},
	pages = {109--122},
}

@inproceedings{fedina_creepypasta_2021,
	title = {“{Creepypasta}”: {Images} {Of} {Waiting} {For} {Death} {And} {Danger} {In} {The} {Online} {Space}},
	shorttitle = {“{Creepypasta}”},
	url = {https://www.europeanproceedings.com/article/10.15405/epsbs.2021.12.03.89},
	doi = {10.15405/epsbs.2021.12.03.89},
	urldate = {2024-02-24},
	author = {Fedina, Olga V.},
	month = dec,
	year = {2021},
	pages = {667--673},
	file = {Texte intégral:/Users/rolly/Zotero/storage/CLLAK4MU/Fedina - 2021 - “Creepypasta” Images Of Waiting For Death And Dan.pdf:application/pdf},
}

@article{ondrak_spectres_2018,
	title = {Spectres des {Monstres}: {Post}-postmodernisms, hauntology and creepypasta narratives as digital fiction},
	volume = {9},
	issn = {2040-3275, 2040-3283},
	shorttitle = {Spectres des {Monstres}},
	url = {https://intellectdiscover.com/content/journals/10.1386/host.9.2.161_1},
	doi = {10.1386/host.9.2.161_1},
	abstract = {Abstract
            Horror has always been adaptable to developments in media and technology; this is clear in horror tales from Gothic epistolary novels to the ‘found footage’ explosion of the early 2000s via phantasmagoria and chilling radio broadcasts such as Orson Welles’ infamous War of the Worlds (1938). It is no surprise, then, that the firm establishment of the digital age (i.e. the widespread use of Web2.0 spaces the proliferation of social media and its integration into everyday life) has created venues not just for interpersonal communication, shared interests and networking but also the potential for these venues to host a new type of horror fiction: creepypasta. However, much of the current academic attention enjoyed by digital horror fiction and creepypasta has focused on digital media’s ability to remediate a ‘folk-like’ storytelling style and an emulation of word-of-mouth communication primarily associated with urban legends and folk tales. Here, I intend to argue that creepypasta should primarily be considered a form of digital fiction due to its ability to spread narratives in a way distinct to digital textuality and intrinsically linked to the affordances of digital media. In this article, I will treat creepypasta narratives as a genre specific to the form of digital fiction – specifically a ‘fourth generation’ of digital fiction – in which ‘the [social media] platform is a significant part of the aesthetic expression and the meaning potential’ of these stories. I will argue that the affordances of social media, and the way in which they are taken advantage of by creepypasta narratives situate the phenomenon as an example of post-postmodern storytelling that embodies traits of Jeffrey Nealon’s ‘Post-postmodernism’, Alan Kirby’s ‘Digimodernism’ and Timotheus Vermeulen and Robin van den Akker’s ‘Metamodernism’. I will suggest that this postpostmodern cultural turn works hand in hand with the resurgence of a cultural ‘hauntology’ to coalesce in creepypasta as a unique type of text. While creepypasta’s hauntological qualities have previously been noted by Line Henriksen, this article will explore a relationship between creepypasta and post-postmodernism that has not yet been acknowledged. Ultimately, I will attest that the above theories describe (sometimes overlapping) symptoms of an emerging cultural period that relate to creepypasta’s meaning potential and its formal and aesthetic properties. Observations from all three theories of a post-postmodern age coalesce in creepypasta narratives, from the specific qualities of digital textuality and the unique properties of different social media platforms on which these narratives are hosted (YouTube, Reddit, webforums and so on) to the metatextuality of creepypasta works and how they depart from and retain a dialogue with postmodern horror narratives. While the cultural landscape is still in flux and what will come after postmodernism has yet to be determined, creepypasta narratives tell us that a post-postmodern age has already arrived.},
	language = {en},
	number = {2},
	urldate = {2024-02-24},
	journal = {Horror Studies},
	author = {Ondrak, Joe},
	month = oct,
	year = {2018},
	pages = {161--178},
	file = {Version acceptée:/Users/rolly/Zotero/storage/SRNKQKH4/Ondrak - 2018 - Spectres des Monstres Post-postmodernisms, haunto.pdf:application/pdf},
}

@article{bernard_goncourt_2021,
	title = {Goncourt 2020 : mais qu’a-t-il de plus que les autres ?},
	issn = {2736-2337},
	shorttitle = {Goncourt 2020},
	url = {http://journals.openedition.org/revuehn/2297},
	doi = {10.4000/revuehn.2297},
	number = {4},
	urldate = {2024-04-14},
	journal = {Humanités numériques},
	author = {Bernard, Michel},
	month = dec,
	year = {2021},
	file = {Texte intégral:/Users/rolly/Zotero/storage/E3TGG4XT/Bernard - 2021 - Goncourt 2020  mais qu’a-t-il de plus que les aut.pdf:application/pdf},
}

@article{laura_goudet_memes_2012,
	title = {Mèmes 2 - le côté obscur -mais parfois mince- de la force (mémétique)},
	url = {https://lac.hypotheses.org/57},
	doi = {10.58079/QOZ6},
	urldate = {2024-04-17},
	author = {Laura Goudet},
	month = nov,
	year = {2012},
	note = {Medium: text/html
Publisher: [object Object]},
}

@book{jacobs_character_1990,
	address = {Carbondale},
	series = {Crosscurrents/modern critiques},
	title = {The character of truth: historical figures in contemporary fiction},
	isbn = {978-0-8093-1607-6},
	shorttitle = {The character of truth},
	publisher = {Southern Illinois University Press},
	author = {Jacobs, Naomi},
	year = {1990},
	keywords = {History and criticism, 20th century, Characters and characteristics in literature, Fiction, Historical fiction, Literature and history},
}

@article{goudet_agentivite_2021,
	title = {Agentivité de l’horreur, creepypastas et jeu vidéo},
	url = {https://classiques-garnier.com/doi/garnier?article=RomMS21_57},
	doi = {10.48611/ISBN.978-2-406-12548-8.P.0057},
	abstract = {This article is a study of the intertwining of narration between written digital narratives and video games, looking at horror narratives adapted for video games as well as video games that give birth to horror narratives. Adaptations from one medium to another show that these recombinant narratives are interwoven with narrative clichés and shared tropes, which are the subject of the second part of this exploration. Agency (and its absence) is central to understanding the narrative power dynamics at play.},
	language = {fr},
	urldate = {2024-04-18},
	author = {Goudet, Laura},
	year = {2021},
	note = {Artwork Size: 13 pages, pages 57-69
ISBN: 9782406125488
Medium: application/xhtml+xml,application/pdf,online,database,application/xhtml+xml ; application/pdf
Publisher: [object Object]},
	keywords = {Agency, Agentivité, Creepypasta, Fanfiction, Horreur, Horror, Transfictionality, Transfictionnalité},
	pages = {13 pages, pages 57--69},
}

@misc{noauthor_selenium_nodate,
	title = {Selenium with {Python} — {Selenium} {Python} {Bindings} 2 documentation},
	url = {https://selenium-python.readthedocs.io/},
	urldate = {2024-04-21},
	file = {Selenium with Python — Selenium Python Bindings 2 documentation:/Users/rolly/Zotero/storage/WBH4GKJC/selenium-python.readthedocs.io.html:text/html},
}

@article{barre_operationalizing_2023,
	title = {Operationalizing {Canonicity}: {A} {Quantitative} {Study} of {French} 19th and 20th {Century} {Literature}},
	volume = {8},
	copyright = {http://creativecommons.org/licenses/by/4.0},
	issn = {2371-4549},
	shorttitle = {Operationalizing {Canonicity}},
	url = {https://culturalanalytics.org/article/88113-operationalizing-canonicity-a-quantitative-study-of-french-19th-and-20th-century-literature},
	doi = {10.22148/001c.88113},
	abstract = {This article delves into the literary canon, a concept shaped by social biases and influenced by successive receptions. The canonization process is a multifaceted phenomenon, emerging from the intricate interplay of sociological, economic, and political factors. Our objective is to detect the underlying textual dynamics that grant certain works exceptional longevity while jeopardizing the transmission of the majority. Drawing on various criteria, we present an operational framework for defining the French literary canon, centered on its contemporary reception and emphasizing the role of institutions, particularly schools, in its formation. Leveraging natural language processing and machine learning techniques, we unveil an intrinsic norm inherent to the literary canon. Through statistical modeling, we achieve predictive outcomes with accuracy ranging from 70\% to 74\%, contingent on the chosen scale of canonicity. We believe that these findings detect what Charles Altieri calls a “cultural grammar”, referring to the idea that canonical works in literature serve as foundational texts that shape the norms, values, and conventions of a particular cultural tradition. We posit that this linguistic norm arises from biased latent selection mechanisms linked to the role of the educational system in the canon-formation process.},
	language = {en},
	number = {3},
	urldate = {2024-04-22},
	journal = {Journal of Cultural Analytics},
	author = {Barré, Jean and Camps, Jean-Baptiste and Poibeau, Thierry},
	month = oct,
	year = {2023},
	file = {Barré et al. - 2023 - Operationalizing Canonicity A Quantitative Study .pdf:/Users/rolly/Zotero/storage/8PRF3LED/Barré et al. - 2023 - Operationalizing Canonicity A Quantitative Study .pdf:application/pdf},
}

@article{chornobylskyi_social_2023,
	title = {Social {Sharing} of {Emotions} in {Social} {Media} {System} on the {Example} of {Creepypasta} on {Reddit}},
	volume = {96},
	copyright = {https://creativecommons.org/licenses/by/4.0},
	issn = {2783-6207},
	url = {https://www.journals.vu.lt/IM/article/view/28545},
	doi = {10.15388/Im.2023.96.66},
	abstract = {As part of this study, it was suggested that, like other social media, Reddit allows to embody models of communicative interaction in a digital environment. The comments under three creepypastas published on the subreddit NoSleep were selected as the object of the study. To prove the original thesis, the comments were analyzed from the perspective of social sharing of emotions (SSE) — a process characteristic of real interpersonal communication. The comments were studied manually using the method of intentional analysis. As a result of the study, the main intentional categories characteristic of the social sharing of emotions in the comments on NoSleep were established. It was concluded that SSE in the comments under creepypastas generally coincides with the existing models, and the differences found can be explained by the specifics of the digital environment and the concrete features of Reddit as social media.},
	language = {en},
	urldate = {2024-04-22},
	journal = {Information \& Media},
	author = {Chornobylskyi, Anton and Kyrylova, Oksana and Krupskyi, Oleksandr and Khotiun, Liudmyla},
	month = may,
	year = {2023},
	pages = {65--79},
	file = {Chornobylskyi et al. - 2023 - Social Sharing of Emotions in Social Media System .pdf:/Users/rolly/Zotero/storage/ZCUQ4GZ6/Chornobylskyi et al. - 2023 - Social Sharing of Emotions in Social Media System .pdf:application/pdf},
}

@article{baumgartner_pushshift_2020,
	title = {The {Pushshift} {Reddit} {Dataset}},
	copyright = {Creative Commons Attribution 4.0 International, Open Access},
	url = {https://zenodo.org/record/3608134},
	doi = {10.5281/ZENODO.3608134},
	abstract = {The Pushshift Reddit Dataset We provide a small sample of the Pushshift Reddit dataset. The sample consists of two files: RS\_2019-04.zst: All Reddit submissions that were posted during April 2019. RC\_2019-04.zst: All Reddit comments that were posted during April 2019. The full dataset can be downloaded from: https://files.pushshift.io/reddit/submissions/ for submissions and https://files.pushshift.io/reddit/comments/ for comments. In the website, you can find a file for each month of our data collection. Each file is a newline delimited json (ndjson) file , where each line contains the json object of a submission or a comment.},
	urldate = {2024-04-30},
	author = {Baumgartner, Jason and Zannettou, Savvas and Keegan, Brian and Squire, Megan and Blackburn, Jeremy},
	month = jan,
	year = {2020},
	note = {Publisher: [object Object]},
	keywords = {pushshift, reddit},
}

@book{todorov_introductin_1992,
	address = {Paris},
	edition = {Repr},
	series = {Collection {Poétique}},
	title = {Introductin à la littérature fantastique},
	isbn = {978-2-02-002035-0},
	language = {fre},
	publisher = {Ed. du seuil},
	author = {Todorov, Cvetan},
	year = {1992},
}

@book{aron_litterature_1984,
	series = {Annales littéraires de l'université de {Franche}-{Comté}},
	title = {Littérature et littérarité: {Un} essai de mise au point},
	isbn = {978-2-251-60292-9},
	url = {https://books.google.fr/books?id=CL24GEWr_SEC},
	publisher = {Presses universitaires de Franche-Comté},
	author = {Aron, T. and sémiotique (France), Groupe de recherches en linguistique et},
	year = {1984},
	lccn = {lc84190858},
}

@article{barre_operationalizing_2023-1,
	title = {Operationalizing {Canonicity}},
	volume = {8},
	url = {https://hal.science/hal-04252997},
	doi = {10.22148/001c.88113},
	abstract = {This article delves into the literary canon, a concept shaped by social biases and influenced by successive receptions. The canonization process is a multifaceted phenomenon, emerging from the intricate interplay of sociological, economic, and political factors. Our objective is to detect the underlying textual dynamics that grant certain works exceptional longevity while jeopardizing the transmission of the majority. Drawing on various criteria, we present an operational framework for defining the French literary canon, centered on its contemporary reception and emphasizing the role of institutions, particularly schools, in its formation. Leveraging natural language processing and machine learning techniques, we unveil an intrinsic norm inherent to the literary canon. Through statistical modeling, we achieve predictive outcomes with accuracy ranging from 70\% to 74\%, contingent on the chosen scale of canonicity. We believe that these findings detect what Charles Altieri calls a “cultural grammar”, referring to the idea that canonical works in literature serve as foundational texts that shape the norms, values, and conventions of a particular cultural tradition. We posit that this linguistic norm arises from biased latent selection mechanisms linked to the role of the educational system in the canon-formation process.},
	number = {1},
	urldate = {2024-05-03},
	journal = {Journal of Cultural Analytics},
	author = {Barré, Jean and Camps, Jean-Baptiste and Poibeau, Thierry},
	year = {2023},
	note = {Publisher: Department of Languages, Literatures, and Cultures at McGill University},
	keywords = {Canon studies, Computational Literary Studies, distant reading, French Literature, Literary history, machine learning, natural language processing, stylometry, text mining},
	pages = {88113},
	file = {HAL PDF Full Text:/Users/rolly/Zotero/storage/CF2WNQ2H/Barré et al. - 2023 - Operationalizing Canonicity.pdf:application/pdf},
}

@article{koolen_literary_2020,
	title = {Literary quality in the eye of the {Dutch} reader: {The} {National} {Reader} {Survey}},
	volume = {79},
	issn = {0304-422X},
	shorttitle = {Literary quality in the eye of the {Dutch} reader},
	url = {https://www.sciencedirect.com/science/article/pii/S0304422X1830278X},
	doi = {10.1016/j.poetic.2020.101439},
	abstract = {What makes some novels literary? There is little agreement within literary studies on this question. The two main approaches focus either on text-intrinsic factors (e.g., aesthetic, stylistic), or text-extrinsic social factors (e.g., author prestige, critics). Until now, there has not been a comprehensive study taking both text-intrinsic and social factors into account. The project The Riddle of Literary Quality examines both factors by connecting literary texts to the appreciation of those texts: can we identify textual characteristics that are connected to readers’ literary appraisal of texts? In this paper, we describe the development of The National Reader Survey and present some results. The National Reader Survey is a large online survey of Dutch readers with about 14,000 respondents; its purpose is to collect readers’ literary appraisal of texts. We asked readers to rate both read and unread novels on a scale of 1–7 for their literary and overall quality. The agreement amongst respondents on which recent Dutch language novels are of high literary quality and which are not was greater than expected. Motivations respondents gave for their ratings show that the notion of literary quality is a familiar one and respondents most commonly relate it to two elements: the first is the text itself—style, structure, plot and layers; and the second is genre—if a novel is considered a ‘genre’ novel (e.g., suspense, romantic, fantasy), its chances of obtaining a high rating on literary quality are small. These results indicate how entwined social and text-intrinsic factors are. We also touch upon project results which make use of the survey data.},
	urldate = {2024-05-03},
	journal = {Poetics},
	author = {Koolen, Corina and van Dalen-Oskam, Karina and van Cranenburgh, Andreas and Nagelhout, Erica},
	month = apr,
	year = {2020},
	keywords = {Bestsellers, Literary quality, Popular fiction, Readers, Survey},
	pages = {101439},
	file = {ScienceDirect Snapshot:/Users/rolly/Zotero/storage/6R3YFHGY/S0304422X1830278X.html:text/html;Texte intégral:/Users/rolly/Zotero/storage/249IH2L5/Koolen et al. - 2020 - Literary quality in the eye of the Dutch reader T.pdf:application/pdf},
}

@inproceedings{van_cranenburgh_identifying_2015,
	address = {Denver, Colorado, USA},
	title = {Identifying {Literary} {Texts} with {Bigrams}},
	url = {https://aclanthology.org/W15-0707},
	doi = {10.3115/v1/W15-0707},
	urldate = {2024-05-03},
	booktitle = {Proceedings of the {Fourth} {Workshop} on {Computational} {Linguistics} for {Literature}},
	publisher = {Association for Computational Linguistics},
	author = {van Cranenburgh, Andreas and Koolen, Corina},
	editor = {Feldman, Anna and Kazantseva, Anna and Szpakowicz, Stan and Koolen, Corina},
	month = jun,
	year = {2015},
	pages = {58--67},
	file = {Full Text PDF:/Users/rolly/Zotero/storage/7JXQJKKH/van Cranenburgh et Koolen - 2015 - Identifying Literary Texts with Bigrams.pdf:application/pdf},
}

@article{cafiero_rise_nodate,
	title = {Rise and {Fall} of {Theatrical} {Genres} in {Early} {Modern} {France}},
	language = {en},
	author = {Cafiero, Florian and Gabay, Simon},
	file = {Cafiero et Gabay - Rise and Fall of Theatrical Genres in Early Modern.pdf:/Users/rolly/Zotero/storage/DBM8RMS5/Cafiero et Gabay - Rise and Fall of Theatrical Genres in Early Modern.pdf:application/pdf},
}

@book{chevalier_dictionnaire_1990,
	address = {Paris},
	edition = {11. réimpr., éd. revue et augmentee},
	series = {Bouquins},
	title = {Dictionnaire des symboles: mythes, rêves, coutumes, gestes, formes, figures, couleurs, nombres},
	isbn = {978-2-221-50319-5},
	shorttitle = {Dictionnaire des symboles},
	language = {fre},
	publisher = {Laffont \& Jupiter},
	author = {Chevalier, Jean and Gheerbrant, Alain},
	year = {1990},
}
