
@article{mayer_autorite_2017,
	title = {L'autorité dans {Anarchy}. {Les} constructions de l'autorité et de l'auctorialité dans un dispositif de production littéraire collaborative : le cas de l'expérience transmédia {Anarchy}.fr},
	shorttitle = {L'autorité dans {Anarchy}. {Les} constructions de l'autorité et de l'auctorialité dans un dispositif de production littéraire collaborative},
	url = {https://hal.archives-ouvertes.fr/hal-02172717},
	doi = {10.4000/quaderni.1078},
	number = {93},
	urldate = {2022-12-13},
	journal = {Quaderni},
	author = {Mayer, Ariane and Sauret, Nicolas},
	month = may,
	year = {2017},
	note = {Publisher: Éditions de la Maison des Sciences de l'Homme},
	pages = {63--73},
	file = {HAL PDF Full Text:/Users/rolly/Zotero/storage/9UUKP4XM/Mayer et Sauret - 2017 - L'autorité dans Anarchy. Les constructions de l'au.pdf:application/pdf},
}
